@book{Landou,
author = {L. D. Landau and E. M. Lifshitz and others},
year = 2007,
title = {力学},
publisher = {高等教育出版社}
}
@book{LeGuin,
  author         = {Ursula K. Le Guin},
  publisher      = {江苏文艺出版社},
  title          = {地海传奇},
  year           = {2013}
}